@online{marketingfire.de,
	title = {Die 10 wichtigsten Faktoren für eine erfolgreiche Webseite},
	url = {http://marketingfire.de/erfolgreiche-webseiten-27118/},
	abstract = {Weiterhin steigt die Wichtigkeit der Internetpräsenz von Firmen. Aus diesem Grund ist es umso wichtiger, dass die Webseite durchdacht ist, damit diese den},
	titleaddon = {marketingfire},
	author = {Scheid, Philipp},
	urldate = {2016-10-09}
}


@misc{educatorstechnology.com,
	title = {10 {Useful} {Web} {Tools} for {Creating} {Online} {Quizzes} and {Polls}},
	url = {http://www.educatorstechnology.com/2014/02/10-useful-web-tools-for-creating-online.html},
	abstract = {February, 2014  Following the visual I posted here a couple of weeks ago featuring the differences between formative and summative assessmen...},
	urldate = {2016-10-16},
	file = {Snapshot:C\:\\Users\\David\\AppData\\Roaming\\Zotero\\Zotero\\Profiles\\9e1dhoyj.default\\zotero\\storage\\R6XCHRRA\\10 Useful Web Tools for Creating Online Quizzes an.html:text/html}
}


@misc{socrative.com,
	title = {Socrative},
	url = {http://www.socrative.com/},
	urldate = {2016-10-16},
	file = {Socrative:C\:\\Users\\David\\AppData\\Roaming\\Zotero\\Zotero\\Profiles\\9e1dhoyj.default\\zotero\\storage\\K4SD88AX\\www.socrative.com.html:text/html}
}


@misc{qzzr.com,
	title = {Free {Online} {Quiz} {Tool} - {Easily} {Create} {Online} {Quizzes}},
	url = {https://www.qzzr.com},
	abstract = {Qzzr is a simple online quiz tool that allows you to quickly create beautiful quizzes, post them anywhere on the web, view on any device, and track results.},
	urldate = {2016-10-16},
	journal = {Qzzr},
	file = {Snapshot:C\:\\Users\\David\\AppData\\Roaming\\Zotero\\Zotero\\Profiles\\9e1dhoyj.default\\zotero\\storage\\VRRZ7TJ7\\www.qzzr.com.html:text/html}
}